@misc{huang2018gpipe,
  title={GPipe: Efficient Training of Giant Neural Networks using Pipeline Parallelism},
  author={Yanping Huang and Youlong Cheng and Ankur Bapna and Orhan Firat and Mia Xu Chen and Dehao Chen and HyoukJoong Lee and Jiquan Ngiam and Quoc V. Le and Yonghui Wu and Zhifeng Chen},
  year={2018},
  eprint={1811.06965},
  archivePrefix={arXiv},
  primaryClass={cs.CV}
}

@article{dropout,
  author  = {Nitish Srivastava and Geoffrey Hinton and Alex Krizhevsky and Ilya Sutskever and Ruslan Salakhutdinov},
  title   = {Dropout: A Simple Way to Prevent Neural Networks from Overfitting},
  journal = {Journal of Machine Learning Research},
  year    = {2014},
  volume  = {15},
  number  = {56},
  pages   = {1929-1958},
  url     = {http://jmlr.org/papers/v15/srivastava14a.html}
}

@misc{batch-norm,
  title={Batch Normalization: Accelerating Deep Network Training by Reducing Internal Covariate Shift},
  author={Sergey Ioffe and Christian Szegedy},
  year={2015},
  eprint={1502.03167},
  archivePrefix={arXiv},
  primaryClass={cs.LG}
}

@misc{simonyan2014deep,
  title={Very Deep Convolutional Networks for Large-Scale Image Recognition},
  author={Karen Simonyan and Andrew Zisserman},
  year={2014},
  eprint={1409.1556},
  archivePrefix={arXiv},
  primaryClass={cs.CV}
}

@misc{snoek2012practical,
  title={Practical Bayesian Optimization of Machine Learning Algorithms},
  author={Jasper Snoek and Hugo Larochelle and Ryan P. Adams},
  year={2012},
  eprint={1206.2944},
  archivePrefix={arXiv},
  primaryClass={stat.ML}
}

@inproceedings{bayesian-optim,
author = {Bergstra, James and Bardenet, R\'{e}mi and Bengio, Yoshua and K\'{e}gl, Bal\'{a}zs},
title = {Algorithms for Hyper-Parameter Optimization},
year = {2011},
isbn = {9781618395993},
publisher = {Curran Associates Inc.},
address = {Red Hook, NY, USA},
booktitle = {Proceedings of the 24th International Conference on Neural Information Processing Systems},
pages = {2546–2554},
numpages = {9},
location = {Granada, Spain},
series = {NIPS’11}
}

